@Book{c-book,
  author = "Brian W. Kernighan and Dennis Ritchie",
  title = "The {C} Programming Language",
  publisher = "Prentice Hall",
  year = "1988",
}
